@article{meric2012overcoming,
  title={Overcoming implementation challenges of personalized cancer therapy},
  author={Meric-Bernstam, Funda and Mills, Gordon B},
  journal={Nature reviews Clinical oncology},
  volume={9},
  number={9},
  pages={542--548},
  year={2012},
  publisher={Nature Publishing Group UK London}
}
